%% This BibTeX bibliography file was created using BibDesk.
%% https://bibdesk.sourceforge.io/

%% Created for Haotian at 2022-04-19 16:03:30 -0700 


%% Saved with string encoding Unicode (UTF-8) 



@misc{AlphaGo,
	author = {Christopher Moyer},
	date-added = {2022-04-19 16:01:54 -0700},
	date-modified = {2022-04-19 16:01:54 -0700},
	month = {March},
	title = {How Google's AlphaGo Beat A Go World Champion},
	url = {https://www.theatlantic.com/technology/archive/2016/03/the-invisible-opponent/475611/},
	year = {2016},
	Bdsk-Url-1 = {https://www.theatlantic.com/technology/archive/2016/03/the-invisible-opponent/475611/}}

@misc{BillGates,
	author = {Ina Fried},
	date-added = {2022-04-19 15:58:19 -0700},
	date-modified = {2022-04-19 15:59:24 -0700},
	title = {Bill Gates talks about why artificial intelligence is nearly here and how to solve two big problems it creates},
	url = {https://www.vox.com/2016/6/1/11833340/bill-gates-ai-artificial-intelligence},
	year = {2016},
	Bdsk-Url-1 = {https://www.vox.com/2016/6/1/11833340/bill-gates-ai-artificial-intelligence}}

@misc{EthicalIssue,
	author = {Bernd Carsten Stahl},
	date-added = {2022-04-19 15:51:23 -0700},
	date-modified = {2022-04-19 15:55:43 -0700},
	month = {March},
	title = {Ethical Issues of AI Ethical Issues of AI},
	url = {https://www.ncbi.nlm.nih.gov/pmc/articles/PMC7968615/},
	year = {2021},
	Bdsk-Url-1 = {https://venturebeat.com/2019/11/11/ai-ethics-is-all-about-power/}}

@misc{AccessibilityinApplication,
	author = {Mark Troester},
	date-added = {2022-04-19 15:50:42 -0700},
	date-modified = {2022-04-19 15:50:42 -0700},
	howpublished = {Blog},
	month = {May},
	rating = {0},
	read = {0},
	title = {Accessibility in Application Design: Ethical, Inclusive and Good for the Business},
	year = {2021},
	Bdsk-Url-1 = {https://www.progress.com/blogs/accessibility-in-application-design-ethical-inclusive-and-good-for-the-business}}

@misc{AIModelMaintenance,
	author = {Appen},
	date-modified = {2022-04-19 15:46:27 -0700},
	month = {February},
	title = {AI Model Maintenance: A Guide to Managing a Model Post-Production},
	url = {https://appen.com/blog/ai-model-maintenance-guide-to-managing-model/},
	year = {2021}}

@misc{EnergyConsumption,
	author = {Mark Labbe},
	date-modified = {2022-04-19 15:46:48 -0700},
	month = {August},
	title = {Energy consumption of AI poses environmental problems},
	url = {https://https://www.techtarget.com/searchenterpriseai/feature/Energy-consumption-of-AI-poses-environmental-problems/wiki/LaTeX},
	year = {2021}}

@misc{AIpower,
	author = {Khari Johson},
	date-modified = {2022-04-19 15:46:01 -0700},
	month = {November},
	title = {AI ethics is all about power AI ethics is all about power AI ethics is all about power},
	url = {https://venturebeat.com/2019/11/11/ai-ethics-is-all-about-power/},
	year = {2019}}

@misc{WorldBank,
	author = {The World Bank},
	date-modified = {2022-04-19 16:03:29 -0700},
	month = {April},
	title = {Disability Inclusion},
	url = {https://www.worldbank.org/en/topic/disability#1},
	year = {2022}}
